Date,Description,Withdrawals,Deposits,Category,Balance
"05/15/2025","FUNDS TRANSFER FROM ACCT XXXXX7178 ","","$75.18","Transfers","$28.60"
"05/15/2025","DEBIT CARD PURCHASE   XXXXX1097 WAWA 999                  VINELAND    NJ","$7.99","","Groceries","-$46.58"
"05/15/2025","DEBIT CARD PURCHASE   XXXXX1097 DISCOUNT TOWN LIQUOR      VINELAND    NJ","$32.40","","Groceries","-$38.59"
"05/15/2025","DEBIT CARD PURCHASE   XXXXX1097 WAWA 925                  MAYS LANDIN NJ","$48.86","","Groceries","-$6.19"
"05/15/2025","DEBIT CARD PURCHASE   XXXXX1097 WAWA 925                  MAYS LANDIN NJ","$11.87","","Groceries","$42.67"
"05/15/2025","DEBIT CARD PURCHASE   XXXXX1097 WAWA 925                  MAYS LANDIN NJ","$5.46","","Groceries","$54.54"
"05/14/2025","DEBIT CARD PURCHASE   XXXXX1097 WAWA 926                  VINELAND    NJ","$12.48","","Groceries","$60.00"
"05/14/2025","RECURRING DEBIT CARD  XXXXX7134 SUPER   SUPER           XXXXX2577 CA","$15.00","","Travel","$72.48"
"05/14/2025","ONLINE TRANSFER FROM      XXXXX7178 ","","$60.00","Transfers","$87.48"
"05/13/2025","FUNDS TRANSFER FROM ACCT XXXXX7178 ","","$27.48","Transfers","$27.48"
"05/13/2025","DEBIT CARD PURCHASE   XXXXX1097 WAWA 926                  VINELAND    NJ","$6.61","","Groceries","$0.00"
"05/12/2025","FUNDS TRANSFER FROM ACCT XXXXX7178 ","","$2.84","Transfers","$6.61"
"05/12/2025","DEBIT CARD PURCHASE   XXXXX1097 AMZN DigitalNW4X395F2    XXXXX3080 WA","$6.39","","Entertainment","$3.77"
"05/12/2025","POS PURCHASE          POS001       4660867 SHOPRITE LANDI           VINELAND     NJ","$15.87","","Groceries","$10.16"
"05/12/2025","POS PURCHASE          POS22635353  4660866 ACME 0833                VINELAND     NJ","$39.24","","Groceries","$26.03"
"05/12/2025","N0511 1097 PAYMENT    POS002       4660865 CITY OF VI               640 E. WOOD  NJ","$431.47","","Utilities","$65.27"
"05/12/2025","RECURRING DEBIT CARD  XXXXX7132 KITS AI                   KITS.AI     CA","$11.99","","Restaurants and Dining","$496.74"
"05/12/2025","DEBIT CARD PURCHASE   XXXXX1097 DISCOUNT TOWN LIQUOR      VINELAND    NJ","$11.72","","Groceries","$508.73"
"05/12/2025","POS PURCHASE          POS22635393  4660864 ACME 0833                VINELAND     NJ","$8.49","","Groceries","$520.45"
"05/12/2025","POS PURCHASE          POS22635393  4660863 ACME 0833                VINELAND     NJ","$58.86","","Groceries","$528.94"
"05/12/2025","POS PURCHASE          POS06134862  4660862 THE HOME DEPOT           VINELAND     NJ","$74.96","","Home Improvement","$587.80"
"05/12/2025","DEBIT CARD PURCHASE   XXXXX1097 LAMP POST DINER           CLEMENTON   NJ","$48.54","","Restaurants and Dining","$662.76"
"05/12/2025","RECURRING DEBIT CARD  XXXXX7131 MicrosoftUltimate 1 M    XXXXX6830 WA","$21.31","","Entertainment","$711.30"
"05/12/2025","DEBIT CARD PURCHASE   XXXXX1097 RITE AID 10490            VINELAND    NJ","$5.00","","Healthcare","$732.61"
"05/12/2025","DEBIT CARD PURCHASE   XXXXX1097 RITA'S # 133              VINELAND    NJ","$6.39","","Restaurants and Dining","$737.61"
"05/12/2025","DEBIT CARD PURCHASE   XXXXX1097 LORENZO'S BARBER SHOP     VINELAND    NJ","$46.35","","Personal Expenses","$744.00"
"05/12/2025","DEBIT CARD PURCHASE   XXXXX1097 WAWA 925                  MAYS LANDIN NJ","$2.87","","Groceries","$790.35"
"05/12/2025","ONLINE TRANSFER FROM      XXXXX7178 ","","$250.00","Transfers","$793.22"
"05/09/2025","INTL PURCH & ADV FEE   VIS 0508              SG ","$0.30","","Service Charges and Fees","$543.22"
"05/09/2025","N0509 1097 PAYMENT    POS002       1525224 CITY OF VI               640 E. WOOD  NJ","$498.25","","Utilities","$543.52"
"05/09/2025","RECURRING DEBIT CARD  XXXXX7129 OPENAI                    OPENAI.COM  CA","$5.00","","Services and Supplies","$1,041.77"
"05/09/2025","DEBIT CARD PURCHASE   XXXXX1097 SQ *A BETTER TOMORROW     gosq.com    NJ","$30.00","","Healthcare","$1,046.77"
"05/09/2025","DEBIT CARD PURCHASE   XXXXX1097 WAWA 8437                 WILLIAMSTOW NJ","$51.23","","Groceries","$1,076.77"
"05/09/2025","POS PURCHASE          POS16888001  1525223 DOLLARTREE               VINELAND     NJ","$7.49","","General Merchandise","$1,128.00"
"05/09/2025","RECURRING DEBIT CARD  XXXXX7129 WWW.MUREKA.AI             SINGAPORE   SG","$10.00","","Entertainment","$1,135.49"
"05/09/2025","DEBIT CARD PURCHASE   XXXXX1097 WAWA 925                  MAYS LANDIN NJ","$2.87","","Groceries","$1,145.49"
"05/09/2025","ONLINE TRANSFER FROM      XXXXX7178 ","","$1,000.00","Transfers","$1,148.36"
"05/08/2025","DEBIT CARD PURCHASE   XXXXX1097 WAWA 925                  MAYS LANDIN NJ","$6.40","","Groceries","$148.36"
"05/08/2025","DEBIT CARD PURCHASE   XXXXX1097 WAWA 925                  MAYS LANDIN NJ","$2.87","","Groceries","$154.76"
"05/07/2025","POS PURCHASE          POS001       1245636 SHOPRITE LANDI           VINELAND     NJ","$113.25","","Groceries","$157.63"
"05/07/2025","DEBIT CARD PURCHASE   XXXXX1097 WAWA 926                  VINELAND    NJ","$5.46","","Groceries","$270.88"
"05/07/2025","RECURRING DEBIT CARD  XXXXX7127 Google One                XXXXX0000 CA","$9.99","","Services and Supplies","$276.34"
"05/06/2025","DEBIT CARD PURCHASE   XXXXX1097 WAWA 925                  MAYS LANDIN NJ","$5.46","","Groceries","$286.33"
"05/05/2025","RECURRING DEBIT CARD  XXXXX7125 AMAZON PRIME*NB0H89P71    Amzn.com/bi WA","$15.98","","Subscriptions and Renewals","$291.79"
"05/05/2025","DEBIT CARD PURCHASE   XXXXX1097 CHICK-FIL-A #04929        VINELAND    NJ","$44.21","","Restaurants and Dining","$307.77"
"05/05/2025","DEBIT CARD PURCHASE   XXXXX1097 WAWA 8484                 VINELAND    NJ","$27.26","","Groceries","$351.98"
"05/05/2025","DEBIT CARD PURCHASE   XXXXX1097 WAWA 999                  VINELAND    NJ","$14.69","","Groceries","$379.24"
"05/05/2025","DEBIT CARD PURCHASE   XXXXX1097 HAPPY NAILS  SPA          XXXXX0004 NJ","$64.80","","Personal Expenses","$393.93"
"05/05/2025","DEBIT CARD PURCHASE   XXXXX1097 RITA'S # 133              VINELAND    NJ","$16.32","","Restaurants and Dining","$458.73"
"05/05/2025","DEBIT CARD PURCHASE   XXXXX1097 WAWA 925                  MAYS LANDIN NJ","$7.12","","Groceries","$475.05"
"05/05/2025","RECURRING DEBIT CARD  XXXXX4124 AIRBORNE ACADEMY          XXXXX1700 NJ","$85.00","","Entertainment","$482.17"
"05/02/2025","DEBIT CARD PURCHASE   XXXXX1097 SQ *A BETTER TOMORROW     gosq.com    NJ","$30.00","","Healthcare","$567.17"
"05/02/2025","DEBIT CARD PURCHASE   XXXXX1097 WAWA 999                  VINELAND    NJ","$7.16","","Groceries","$597.17"
"05/02/2025","DEBIT CARD PURCHASE   XXXXX1097 WAWA 926                  VINELAND    NJ","$50.00","","Groceries","$604.33"
"05/02/2025","DEBIT CARD PURCHASE   XXXXX1097 WAWA 926                  VINELAND    NJ","$5.46","","Groceries","$654.33"
"05/01/2025","ATM WITHDRAWAL        PNCPM3606 N0501 1097 5201 HARDING WAY         MAYS LANDING NJ","$20.00","","ATMs","$659.79"
"05/01/2025","ATM WITHDRAWAL        PNCPM3606 N0501 1097 5201 HARDING WAY         MAYS LANDING NJ","$20.00","","ATMs","$679.79"
"05/01/2025","DEBIT CARD PURCHASE   XXXXX1097 WAWA 925                  MAYS LANDIN NJ","$2.87","","Groceries","$699.79"
"05/01/2025","DEBIT CARD PURCHASE   XXXXX1097 RITA'S # 133              VINELAND    NJ","$15.36","","Restaurants and Dining","$702.66"
"04/30/2025","DEBIT CARD PURCHASE   XXXXX1097 WAWA 925                  MAYS LANDIN NJ","$5.46","","Groceries","$718.02"
"04/29/2025","POS PURCHASE          POS24210801  1235334 WAL-MART #2108           MAYS LANDING NJ","$10.08","","General Merchandise","$723.48"
"04/29/2025","DEBIT CARD PURCHASE   XXXXX1097 DISCOUNT TOWN LIQUOR      VINELAND    NJ","$41.57","","Groceries","$733.56"
"04/29/2025","DEBIT CARD PURCHASE   XXXXX1097 JOE CANAL'S               MILLVILLE   NJ","$12.78","","Restaurants and Dining","$775.13"
"04/28/2025","INTL PURCH & ADV FEE   VIS 0423              CB ","$2.58","","Service Charges and Fees","$787.91"
"04/28/2025","DEBIT CARD PURCHASE   XXXXX1097 DUNKIN #351234 Q35        VINELAND    NJ","$16.91","","Restaurants and Dining","$790.49"
"04/28/2025","DEBIT CARD PURCHASE   XXXXX1097 BLUE CORK WINERY AND V    WILLIAMSTOW NJ","$30.91","","Groceries","$807.40"
"04/28/2025","DEBIT CARD PURCHASE   XXXXX1097 COMPARE FOODS             VINELAND    NJ","$26.75","","Groceries","$838.31"
"04/28/2025","RECURRING DEBIT CARD  XXXXX7118 ELEVENLABS.IO             ELEVENLABS. NY","$5.00","","Services and Supplies","$865.06"
"04/28/2025","DEBIT CARD PURCHASE   XXXXX1097 PDMD PIZZA QUEEN LLC      VINELAND    NJ","$12.14","","Restaurants and Dining","$870.06"
"04/28/2025","DEBIT CARD PURCHASE   XXXXX1097 RITE AID 10490            VINELAND    NJ","$32.58","","Healthcare","$882.20"
"04/28/2025","DEBIT CARD PURCHASE   XXXXX1097 BUFFALO WILD WNGS 0346    MILLVILLE   NJ","$60.88","","Restaurants and Dining","$914.78"
"04/28/2025","POS PURCHASE          POS37849002  4465330 FIVE BELOW 124           MILLVILLE    NJ","$20.66","","General Merchandise","$975.66"
"04/28/2025","DEBIT CARD PURCHASE   XXXXX1097 WAWA 8437                 WILLIAMSTOW NJ","$5.46","","Groceries","$996.32"
"04/28/2025","RECURRING DEBIT CARD  XXXXX7117 GOOGLE Max Stream HBO    XXXXX3987 CA","$10.65","","Entertainment","$1,001.78"
"04/28/2025","POS PURCHASE          POS33390013  4465329 WM SUPERCENTER           VINELAND     NJ","$223.03","","General Merchandise","$1,012.43"
"04/28/2025","DEBIT CARD PURCHASE   XXXXX1097 MODWASH NJ0401 MILLVIL    MILLVILLE   NJ","$27.00","","Auto Maintenance","$1,235.46"
"04/28/2025","DEBIT CARD PURCHASE   XXXXX1097 WAWA 999                  VINELAND    NJ","$7.02","","Groceries","$1,262.46"
"04/28/2025","DEBIT CARD PURCHASE   XXXXX1097 PY *FABER - 2401 MIAMI    MIAMI       FL","$8.67","","Other Expenses","$1,269.48"
"04/28/2025","DEBIT CARD PURCHASE   XXXXX1097 PY *FABER - 2401 MIAMI    MIAMI       FL","$11.43","","Other Expenses","$1,278.15"
"04/28/2025","DEBIT CARD PURCHASE   XXXXX1097 COUNTER BURGER D32 MIA    MIAMI       FL","$90.67","","Restaurants and Dining","$1,289.58"
"04/28/2025","DEBIT CARD PURCHASE   XXXXX1097 BAR RESTAURANTE CAFE H    CARTAGENA   CB","$85.89","","Restaurants and Dining","$1,380.25"
"04/25/2025","INTL PURCH & ADV FEE   VIS 0424              NL ","$0.04","","Service Charges and Fees","$1,466.14"
"04/25/2025","INTL PURCH & ADV FEE   VIS 0424              NL ","$0.10","","Service Charges and Fees","$1,466.18"
"04/25/2025","RECURRING DEBIT CARD  XXXXX7115 AUTOSKY+ GPS              AUTOSKYUS.C TX","$16.99","","Utilities","$1,466.28"
"04/25/2025","DEBIT CARD PURCHASE   XXXXX1097 UBER *TRIP HELP.UBER.C    help.uber.c NL","$1.17","","Travel","$1,483.27"
"04/25/2025","DEBIT CARD PURCHASE   XXXXX1097 UBER *TRIP HELP.UBER.C    help.uber.c NL","$3.29","","Travel","$1,484.44"
"04/24/2025","OTHER FIN INST ATM SURCHARGE REIMB ","","$5.00","Expense Reimbursement","$1,487.73"
"04/24/2025","ATM TRANSACTION FEE REIMBURSEMENT ","","$10.00","Refunds","$1,482.73"
"04/24/2025","INTL PURCH & ADV FEE   VIS 0424              NL ","$0.04","","Service Charges and Fees","$1,472.73"
"04/24/2025","INTL PURCH & ADV FEE   VIS 0424              NL ","$0.07","","Service Charges and Fees","$1,472.77"
"04/24/2025","INTL ATM TRANSACTION FEE - WITHDRAWAL ","$5.00","","Service Charges and Fees","$1,472.84"
"04/24/2025","INTL PURCH & ADV FEE   VIS 0424              NL ","$0.04","","Service Charges and Fees","$1,477.84"
"04/24/2025","INTL PURCH & ADV FEE   VIS 0423              NL ","$0.10","","Service Charges and Fees","$1,477.88"
"04/24/2025","INTL PURCH & ADV FEE   VIS 0422              CB ","$2.23","","Service Charges and Fees","$1,477.98"
"04/24/2025","DEBIT CARD PURCHASE   XXXXX1097 UBER *TRIP HELP.UBER.C    help.uber.c NL","$1.17","","Travel","$1,480.21"
"04/24/2025","DEBIT CARD PURCHASE   XXXXX1097 UBER *TRIP HELP.UBER.C    help.uber.c NL","$2.23","","Travel","$1,481.38"
"04/24/2025","ATM WITHDRAWAL        INT4610   N0423 1097 AUTO BOCAG2              caribe","$83.54","","ATMs","$1,483.61"
"04/24/2025","DEBIT CARD PURCHASE   XXXXX1097 UBER *TRIP HELP.UBER.C    help.uber.c NL","$1.17","","Travel","$1,567.15"
"04/24/2025","DEBIT CARD PURCHASE   XXXXX1097 UBER *TRIP HELP.UBER.C    help.uber.c NL","$3.44","","Travel","$1,568.32"
"04/24/2025","DEBIT CARD PURCHASE   XXXXX1097 BLIND PLAZA BOCAGRANDE    CARTAGENA   CB","$74.29","","Restaurants and Dining","$1,571.76"
"04/23/2025","INTL ATM TRANSACTION FEE - WITHDRAWAL ","$5.00","","Service Charges and Fees","$1,646.05"
"04/23/2025","INTL PURCH & ADV FEE   VIS 0423              NL ","$0.02","","Service Charges and Fees","$1,651.05"
"04/23/2025","INTL PURCH & ADV FEE   VIS 0423              NL ","$0.06","","Service Charges and Fees","$1,651.07"
"04/23/2025","INTL PURCH & ADV FEE   VIS 0422              NL ","$0.02","","Service Charges and Fees","$1,651.13"
"04/23/2025","INTL PURCH & ADV FEE   VIS 0421              CB ","$0.83","","Service Charges and Fees","$1,651.15"
"04/23/2025","INTL PURCH & ADV FEE   VIS 0420              CB ","$0.79","","Service Charges and Fees","$1,651.98"
"04/23/2025","ATM WITHDRAWAL        INT4610   N0423 1097 AUTO BOCAG2              caribe","$57.96","","ATMs","$1,652.77"
"04/23/2025","DEBIT CARD PURCHASE   XXXXX1097 UBER *TRIP HELP.UBER.C    help.uber.c NL","$0.70","","Travel","$1,710.73"
"04/23/2025","DEBIT CARD PURCHASE   XXXXX1097 UBER *TRIP HELP.UBER.C    help.uber.c NL","$2.15","","Travel","$1,711.43"
"04/23/2025","DEBIT CARD PURCHASE   XXXXX1097 UBER *TRIP HELP.UBER.C    help.uber.c NL","$0.70","","Travel","$1,713.58"
"04/23/2025","DEBIT CARD PURCHASE   XXXXX1097 BOLD Collage charlad      CARTAGENA   CB","$27.55","","Other Expenses","$1,714.28"
"04/23/2025","DEBIT CARD PURCHASE   XXXXX1097 HOTEL HYATT REGENCY CA    CARTAGENA   CB","$26.39","","Travel","$1,741.83"
"04/22/2025","INTL PURCH & ADV FEE   VIS 0421              NL ","$0.01","","Service Charges and Fees","$1,768.22"
"04/22/2025","INTL PURCH & ADV FEE   VIS 0422              NL ","$0.10","","Service Charges and Fees","$1,768.23"
"04/22/2025","INTL PURCH & ADV FEE   VIS 0422              NL ","$0.03","","Service Charges and Fees","$1,768.33"
"04/22/2025","INTL PURCH & ADV FEE   VIS 0422              NL ","$0.07","","Service Charges and Fees","$1,768.36"
"04/22/2025","INTL PURCH & ADV FEE   VIS 0421              NL ","$0.07","","Service Charges and Fees","$1,768.43"
"04/22/2025","INTL PURCH & ADV FEE   VIS 0421              NL ","$0.01","","Service Charges and Fees","$1,768.50"
"04/22/2025","INTL PURCH & ADV FEE   VIS 0421              NL ","$0.07","","Service Charges and Fees","$1,768.51"
"04/22/2025","INTL PURCH & ADV FEE   VIS 0420              CB ","$0.72","","Service Charges and Fees","$1,768.58"
"04/22/2025","INTL PURCH & ADV FEE   VIS 0420              CB ","$0.88","","Service Charges and Fees","$1,769.30"
"04/22/2025","INTL PURCH & ADV FEE   VIS 0420              CB ","$0.53","","Service Charges and Fees","$1,770.18"
"04/22/2025","INTL PURCH & ADV FEE   VIS 0419              CB ","$5.66","","Service Charges and Fees","$1,770.71"
"04/22/2025","DEBIT CARD PURCHASE   XXXXX1097 UBER *TRIP HELP.UBER.C    help.uber.c NL","$3.43","","Travel","$1,776.37"
"04/22/2025","DEBIT CARD PURCHASE   XXXXX1097 UBER *TRIP HELP.UBER.C    help.uber.c NL","$1.16","","Travel","$1,779.80"
"04/22/2025","DEBIT CARD PURCHASE   XXXXX1097 UBER *TRIP HELP.UBER.C    help.uber.c NL","$2.17","","Travel","$1,780.96"
"04/22/2025","N0421 1097 PAYMENT    POS002       1226451 CITY OF VI               640 E. WOOD  NJ","$503.25","","Utilities","$1,783.13"
"04/22/2025","DEBIT CARD PURCHASE   XXXXX1097 UBER *TRIP HELP.UBER.C    help.uber.c NL","$2.22","","Travel","$2,286.38"
"04/22/2025","DEBIT CARD PURCHASE   XXXXX1097 UBER *TRIP HELP.UBER.C    help.uber.c NL","$0.46","","Travel","$2,288.60"
"04/22/2025","DEBIT CARD PURCHASE   XXXXX1097 UBER *TRIP HELP.UBER.C    help.uber.c NL","$0.46","","Travel","$2,289.06"
"04/22/2025","DEBIT CARD PURCHASE   XXXXX1097 UBER *TRIP HELP.UBER.C    help.uber.c NL","$2.42","","Travel","$2,289.52"
"04/22/2025","DEBIT CARD PURCHASE   XXXXX1097 MAMBO BEACH CLUB SAS      CARTAGENA   CB","$24.01","","Entertainment","$2,291.94"
"04/22/2025","DEBIT CARD PURCHASE   XXXXX1097 BOLD Restaurante Cho      CARTAGENA   CB","$29.37","","Restaurants and Dining","$2,315.95"
"04/22/2025","DEBIT CARD PURCHASE   XXXXX1097 BOLD encantada beach      CARTAGENA   CB","$17.61","","Clothing and Shoes","$2,345.32"
"04/22/2025","DEBIT CARD PURCHASE   XXXXX1097 QUEBRACHO REST PARRILL    CARTAGENA   CB","$188.82","","Restaurants and Dining","$2,362.93"
"04/21/2025","INTL ATM TRANSACTION FEE - WITHDRAWAL ","$5.00","","Service Charges and Fees","$2,551.75"
"04/21/2025","INTL PURCH & ADV FEE   VIS 0420              NL ","$0.02","","Service Charges and Fees","$2,556.75"
"04/21/2025","INTL PURCH & ADV FEE   VIS 0420              NL ","$0.08","","Service Charges and Fees","$2,556.77"
"04/21/2025","INTL PURCH & ADV FEE   VIS 0420              NL ","$0.03","","Service Charges and Fees","$2,556.85"
"04/21/2025","INTL PURCH & ADV FEE   VIS 0420              NL ","$0.13","","Service Charges and Fees","$2,556.88"
"04/21/2025","INTL PURCH & ADV FEE   VIS 0420              NL ","$0.09","","Service Charges and Fees","$2,557.01"
"04/21/2025","INTL PURCH & ADV FEE   VIS 0419              CB ","$1.56","","Service Charges and Fees","$2,557.10"
"04/21/2025","INTL PURCH & ADV FEE   VIS 0419              NL ","$0.03","","Service Charges and Fees","$2,558.66"
"04/21/2025","INTL PURCH & ADV FEE   VIS 0419              NL ","$0.07","","Service Charges and Fees","$2,558.69"
"04/21/2025","INTL PURCH & ADV FEE   VIS 0419              GB ","$7.42","","Service Charges and Fees","$2,558.76"
"04/21/2025","INTL PURCH & ADV FEE   VIS 0419              NL ","$0.03","","Service Charges and Fees","$2,566.18"
"04/21/2025","INTL PURCH & ADV FEE   VIS 0418              NL ","$0.13","","Service Charges and Fees","$2,566.21"
"04/21/2025","INTL PURCH & ADV FEE   VIS 0418              CB ","$3.01","","Service Charges and Fees","$2,566.34"
"04/21/2025","ATM WITHDRAWAL        INT4610   N0421 1097 AUTO BOCAG2              caribe","$58.51","","ATMs","$2,569.35"
"04/21/2025","DEBIT CARD PURCHASE   XXXXX1097 UBER *TRIP HELP.UBER.C    help.uber.c NL","$0.70","","Travel","$2,627.86"
"04/21/2025","DEBIT CARD PURCHASE   XXXXX1097 UBER *TRIP HELP.UBER.C    help.uber.c NL","$2.64","","Travel","$2,628.56"
"04/21/2025","DEBIT CARD PURCHASE   XXXXX1097 UBER *TRIP HELP.UBER.C    help.uber.c NL","$1.16","","Travel","$2,631.20"
"04/21/2025","DEBIT CARD PURCHASE   XXXXX1097 UBER *TRIP HELP.UBER.C    help.uber.c NL","$4.25","","Travel","$2,632.36"
"04/21/2025","DEBIT CARD PURCHASE   XXXXX7244 CASH APP*SIERRA           Oakland     CA","$70.00","","Transfers","$2,636.61"
"04/21/2025","DEBIT CARD PURCHASE   XXXXX1097 UBER *TRIP HELP.UBER.C    help.uber.c NL","$2.97","","Travel","$2,706.61"
"04/21/2025","DEBIT CARD PURCHASE   XXXXX1097 LA BRIOCHE CENTRO         CARTAGENA   CB","$51.85","","Restaurants and Dining","$2,709.58"
"04/21/2025","DEBIT CARD PURCHASE   XXXXX1097 UBER *TRIP HELP.UBER.C    help.uber.c NL","$1.16","","Travel","$2,761.43"
"04/21/2025","DEBIT CARD PURCHASE   XXXXX1097 UBER *TRIP HELP.UBER.C    help.uber.c NL","$2.46","","Travel","$2,762.59"
"04/21/2025","DEBIT CARD PURCHASE   XXXXX1097 VIATOR LIMITED  COP PR    LONDON      GB","$247.42","","Travel","$2,765.05"
"04/21/2025","N0419 1097 PAYMENT    POS002       4398158 SIE PLAYST               SAN MATEO    CA","$10.65","","Entertainment","$3,012.47"
"04/21/2025","DEBIT CARD PURCHASE   XXXXX1097 UBER *TRIP HELP.UBER.C    help.uber.c NL","$1.16","","Travel","$3,023.12"
"04/21/2025","DEBIT CARD PURCHASE   XXXXX1097 UBER *TRIP HELP.UBER.C    help.uber.c NL","$4.39","","Travel","$3,024.28"
"04/21/2025","DEBIT CARD PURCHASE   XXXXX1097 GLOBAL EXCHANGE EURODI    CARTAGENA   CB","$100.31","","Gifts","$3,028.67"
"04/21/2025","DEBIT CARD PURCHASE   XXXXX1097 AA WIFI XXXXX6711    Fort Worth  TX","$18.00","","Gas and Fuel","$3,128.98"
"04/21/2025","DEBIT CARD PURCHASE   XXXXX1097 MIA CAFE LA CARRETA D3    XXXXX0630 FL","$18.47","","Restaurants and Dining","$3,146.98"
"04/21/2025","DEBIT CARD PURCHASE   XXXXX1097 MIA CAFE VERSAILLES D4    XXXXX0630 FL","$15.08","","Restaurants and Dining","$3,165.45"
"04/21/2025","DEBIT CARD PURCHASE   XXXXX1097 ROSS STORES #518          MAY'S LANDI NJ","$91.60","","Clothing and Shoes","$3,180.53"
"04/21/2025","ONLINE TRANSFER FROM      XXXXX7178 ","","$800.00","Transfers","$3,272.13"
"04/21/2025","ONLINE TRANSFER FROM      XXXXX7178 ","","$1,300.00","Transfers","$2,472.13"
"04/21/2025","ONLINE TRANSFER FROM      XXXXX7178 ","","$500.00","Transfers","$1,172.13"
"04/21/2025","ONLINE TRANSFER FROM      XXXXX7178 ","","$100.00","Transfers","$672.13"
"04/18/2025","POS PURCHASE          POS02269253  1634934 LA COLOMBE TER           PHILADELPHIA PA","$19.47","","Restaurants and Dining","$572.13"
"04/18/2025","POS PURCHASE          POS17420024  1634933 WM SUPERCENTER           TURNERSVILLE NJ","$45.59","","General Merchandise","$591.60"
"04/18/2025","DEBIT CARD PURCHASE   XXXXX1097 WAWA 926                  VINELAND    NJ","$7.05","","Groceries","$637.19"
"04/18/2025","POS PURCHASE          POS06566358  1634932 BEST BUY                 MAYS LANDING NJ","$191.91","","Electronics","$644.24"
"04/18/2025","DEBIT CARD PURCHASE   XXXXX1097 KOHL'S #0279              MAYS LANDIN NJ","$144.45","","General Merchandise","$836.15"
"04/18/2025","DEBIT CARD PURCHASE   XXXXX1097 AUNTIE ANNE'S NJ155       MAYS LANDIN NJ","$6.39","","Restaurants and Dining","$980.60"
"04/18/2025","DEBIT CARD PURCHASE   XXXXX1097 JOURNEYS #1108            MAYS LANDIN NJ","$101.65","","Clothing and Shoes","$986.99"
"04/18/2025","DEBIT CARD PURCHASE   XXXXX1097 WAWA 925                  MAYS LANDIN NJ","$5.46","","Groceries","$1,088.64"
"04/18/2025","ONLINE TRANSFER FROM      XXXXX7178 ","","$500.00","Transfers","$1,094.10"
"04/17/2025","FUNDS TRANSFER FROM ACCT XXXXX7178 ","","$574.11","Transfers","$594.10"
"04/17/2025","POS PURCHASE          POS33390044  1371304 WM SUPERCENTER           VINELAND     NJ","$12.98","","General Merchandise","$19.99"
"04/17/2025","POS PURCHASE          POS99999999  1371303 CVS/PHARMACY #           Vineland     NJ","$5.11","","Healthcare","$32.97"
"04/17/2025","DEBIT CARD PURCHASE   XXXXX1097 PHOTOPRINT ONL DEPOSIT    PICTAPHOTO. DE","$2.20","","Personal Expenses","$38.08"
"04/17/2025","DEBIT CARD PURCHASE   XXXXX1097 LORENZO'S BARBER SHOP     VINELAND    NJ","$44.29","","Personal Expenses","$40.28"
"04/17/2025","RECURRING DEBIT CARD  XXXXX4107 GOOGLE Google Nest       XXXXX3987 CA","$8.00","","Electronics","$84.57"
"04/16/2025","FUNDS TRANSFER FROM ACCT XXXXX7178 ","","$72.58","Transfers","$92.57"
"04/16/2025","DEBIT CARD PURCHASE   XXXXX1097 DISCOUNT TOWN LIQUOR      VINELAND    NJ","$25.98","","Groceries","$19.99"
"04/16/2025","DEBIT CARD PURCHASE   XXXXX1097 ADVANCED EYE GROUP        VINELAND    NJ","$246.60","","Healthcare","$45.97"
"04/15/2025","FUNDS TRANSFER FROM ACCT XXXXX7178 ","","$272.58","Transfers","$292.57"
"04/15/2025","DEBIT CARD PURCHASE   XXXXX1097 DISCOUNT TOWN LIQUOR      VINELAND    NJ","$19.38","","Groceries","$19.99"
"04/14/2025","FUNDS TRANSFER FROM ACCT XXXXX7178 ","","$205.15","Transfers","$39.37"
"04/14/2025","POS PURCHASE          POS001       4506807 SHOPRITE LANDI           VINELAND     NJ","$99.96","","Groceries","-$165.78"
"04/14/2025","RECURRING DEBIT CARD  XXXXX7104 SUPER   SUPER           XXXXX2577 CA","$15.00","","Travel","-$65.82"
"04/14/2025","DEBIT CARD PURCHASE   XXXXX1097 TST* RACKS PUB & GRILL    WILLIAMSTOW NJ","$50.82","","Restaurants and Dining","-$50.82"
"04/14/2025","DEBIT CARD PURCHASE   XXXXX1097 BREWSTER FINE WINE AND    VINELAND    NJ","$32.50","","Groceries","$0.00"
"04/14/2025","DEBIT CARD PURCHASE   XXXXX1097 WAWA 999                  VINELAND    NJ","$11.86","","Groceries","$32.50"
"04/14/2025","DEBIT CARD PURCHASE   XXXXX1097 AMZN DigitalL71N74D33    XXXXX3080 WA","$6.39","","Entertainment","$44.36"
"04/14/2025","DEBIT CARD PURCHASE   XXXXX1097 WAWA 926                  VINELAND    NJ","$9.17","","Groceries","$50.75"
"04/11/2025","FUNDS TRANSFER FROM ACCT XXXXX7178 ","","$71.91","Transfers","$59.92"
"04/11/2025","RECURRING DEBIT CARD  XXXXX7101 KITS AI                   KITS.AI     CA","$11.99","","Restaurants and Dining","-$11.99"
"04/11/2025","DEBIT CARD PURCHASE   XXXXX1097 WAWA 926                  VINELAND    NJ","$11.43","","Groceries","$0.00"
"04/11/2025","RECURRING DEBIT CARD  XXXXX7101 MicrosoftUltimate 1 M    XXXXX6830 WA","$21.31","","Entertainment","$11.43"
"04/10/2025","FUNDS TRANSFER FROM ACCT XXXXX7178 ","","$72.36","Transfers","$32.74"
"04/10/2025","DEBIT CARD PURCHASE   XXXXX1097 RITE AID 10490            VINELAND    NJ","$7.00","","Healthcare","-$39.62"
"04/10/2025","DEBIT CARD PURCHASE   XXXXX1097 LINCOLN DISCOUNT LIQUO    VINELAND    NJ","$16.10","","Groceries","-$32.62"
"04/10/2025","DEBIT CARD PURCHASE   XXXXX1097 RITE AID 10490            VINELAND    NJ","$5.00","","Healthcare","-$16.52"
"04/10/2025","DEBIT CARD PURCHASE   XXXXX1097 WAWA 925                  MAYS LANDIN NJ","$9.27","","Groceries","-$11.52"
"04/10/2025","DEBIT CARD PURCHASE   XXXXX1097 WAWA 926                  VINELAND    NJ","$11.95","","Groceries","-$2.25"
"04/10/2025","DEBIT CARD PURCHASE   XXXXX1097 WAWA 926                  VINELAND    NJ","$50.00","","Groceries","$9.70"
"04/09/2025","INTL PURCH & ADV FEE   VIS 0408              SG ","$0.30","","Service Charges and Fees","$59.70"
"04/09/2025","RECURRING DEBIT CARD  XXXXX7099 WWW.MUREKA.AI             SINGAPORE   SG","$10.00","","Entertainment","$60.00"
"04/09/2025","DEBIT CARD PURCHASE   XXXXX1097 MCDONALD'S F13089         MAYS LANDIN NJ","$5.11","","Restaurants and Dining","$70.00"
"04/09/2025","DEBIT CARD PURCHASE   XXXXX1097 WAWA 925                  MAYS LANDIN NJ","$4.25","","Groceries","$75.11"
"04/09/2025","DEBIT CARD PURCHASE   XXXXX1097 WAWA 926                  VINELAND    NJ","$2.87","","Groceries","$79.36"
"04/09/2025","ONLINE TRANSFER FROM      XXXXX7178 ","","$60.00","Transfers","$82.23"
"04/08/2025","FUNDS TRANSFER FROM ACCT XXXXX7178 ","","$22.23","Transfers","$22.23"
"04/08/2025","POS PURCHASE          POS33390049  1225380 WM SUPERCENTER           VINELAND     NJ","$10.21","","General Merchandise","$0.00"
"04/08/2025","DEBIT CARD PURCHASE   XXXXX1097 WAWA 925                  MAYS LANDIN NJ","$5.46","","Groceries","$10.21"
"04/07/2025","FUNDS TRANSFER FROM ACCT XXXXX7178 ","","$446.44","Transfers","$15.67"
"04/07/2025","DEBIT CARD PURCHASE   XXXXX1097 DISCOUNT TOWN LIQUOR      VINELAND    NJ","$25.58","","Groceries","-$430.77"
"04/07/2025","DEBIT CARD PURCHASE   XXXXX1097 TIO PEPE RESTAURANT  B    XXXXX4775 PA","$251.38","","Restaurants and Dining","-$405.19"
"04/07/2025","DEBIT CARD PURCHASE   XXXXX1097 WAWA 486                  MALAGA      NJ","$10.55","","Groceries","-$153.81"
"04/07/2025","DEBIT CARD PURCHASE   XXXXX1097 OTHERWORLD PHILA          OTHERWORLDP PA","$127.28","","Other Expenses","-$143.26"
"04/07/2025","DEBIT CARD PURCHASE   XXXXX1097 AMAZON PRIME*9J9PD7KZ3    Amzn.com/bi WA","$15.98","","Subscriptions and Renewals","-$15.98"
"04/07/2025","DEBIT CARD PURCHASE   XXXXX1097 JOE CANAL'S               MILLVILLE   NJ","$34.09","","Groceries","$0.00"
"04/07/2025","POS PURCHASE          POS21090050  4446595 WAL-MART #2109           MILLVILLE    NJ","$34.69","","General Merchandise","$34.09"
"04/07/2025","DEBIT CARD PURCHASE   XXXXX1097 CRUMBL MILLVILLE          XXXXX0131 UT","$19.97","","Restaurants and Dining","$68.78"
"04/07/2025","DEBIT CARD PURCHASE   XXXXX1097 WAWA 925                  MAYS LANDIN NJ","$7.12","","Groceries","$88.75"
"04/04/2025","FUNDS TRANSFER FROM ACCT XXXXX7178 ","","$95.87","Transfers","$95.87"
"04/04/2025","POS PURCHASE          POS99999999  1523641 SHOPRITE WINES           VINELAND     NJ","$22.37","","Groceries","$0.00"
"04/04/2025","POS PURCHASE          POS33390047  1523642 WM SUPERCENTER           VINELAND     NJ","$72.72","","General Merchandise","$22.37"
"04/04/2025","DEBIT CARD PURCHASE   XXXXX1097 WAWA 925                  MAYS LANDIN NJ","$5.46","","Groceries","$95.09"
"04/03/2025","FUNDS TRANSFER FROM ACCT XXXXX7178 ","","$56.93","Transfers","$100.55"
"04/03/2025","DEBIT CARD PURCHASE   XXXXX1097 WAWA 925                  MAYS LANDIN NJ","$2.87","","Groceries","$43.62"
"04/03/2025","RECURRING DEBIT CARD  XXXXX4093 AIRBORNE ACADEMY          XXXXX1700 NJ","$85.00","","Entertainment","$46.49"
"04/02/2025","DEBIT CARD PURCHASE   XXXXX1097 WAWA 721                  WILLIAMSTOW NJ","$50.00","","Groceries","$131.49"
"04/02/2025","DEBIT CARD PURCHASE   XXXXX1097 WAWA 721                  WILLIAMSTOW NJ","$3.51","","Groceries","$181.49"
"04/02/2025","DEBIT CARD PURCHASE   XXXXX1097 WAWA 925                  MAYS LANDIN NJ","$4.99","","Groceries","$185.00"
"04/02/2025","ONLINE TRANSFER FROM      XXXXX7178 ","","$100.00","Transfers","$189.99"
"04/01/2025","FUNDS TRANSFER FROM ACCT XXXXX7178 ","","$126.16","Transfers","$89.99"
"04/01/2025","POS PURCHASE          POS24210801  1312272 WAL-MART #2108           MAYS LANDING NJ","$8.27","","General Merchandise","-$36.17"
"04/01/2025","DEBIT CARD PURCHASE   XXXXX1097 DISCOUNT TOWN LIQUOR      VINELAND    NJ","$19.18","","Groceries","-$27.90"
"04/01/2025","DEBIT CARD PURCHASE   XXXXX1097 SERENE CUSTARD AND MIN    VINELAND    NJ","$27.90","","Restaurants and Dining","-$8.72"
"03/31/2025","FUNDS TRANSFER FROM ACCT XXXXX7178 ","","$158.00","Transfers","$19.18"
"03/31/2025","DEBIT CARD PURCHASE   XXXXX1097 CILANTRO MEXICAN RESTA    VINELAND    NJ","$45.22","","Restaurants and Dining","-$138.82"
"03/31/2025","DEBIT CARD PURCHASE   XXXXX1097 MAIN DISCOUNT LIQUORS     VINELAND    NJ","$15.98","","Groceries","-$93.60"
"03/31/2025","DEBIT CARD PURCHASE   XXXXX1097 Google TV                 XXXXX0000 CA","$3.99","","Services and Supplies","-$77.62"
"03/31/2025","POS PURCHASE          POS47397001  4390580 DOLLAR TREE              VINELAND     NJ","$15.83","","General Merchandise","-$73.63"
"03/31/2025","DEBIT CARD PURCHASE   XXXXX1097 RITE AID 10487            VINELAND    NJ","$5.81","","Healthcare","-$57.80"
"03/31/2025","DEBIT CARD PURCHASE   XXXXX1097 TST* THE BRASS TAPS -     VINELAND    NJ","$51.99","","Restaurants and Dining","-$51.99"
"03/31/2025","DEBIT CARD PURCHASE   XXXXX1097 WINE WAREHOUSE GLOUCES    CLEMENTON   NJ","$30.50","","Groceries","$0.00"
"03/31/2025","DEBIT CARD PURCHASE   XXXXX1097 KOHL'S #0314              TURNERSVILL NJ","$96.96","","General Merchandise","$30.50"
"03/31/2025","DEBIT CARD PURCHASE   XXXXX1097 WAWA 925                  MAYS LANDIN NJ","$2.87","","Groceries","$127.46"
"03/28/2025","FUNDS TRANSFER FROM ACCT XXXXX7178 ","","$128.04","Transfers","$130.33"
"03/28/2025","DEBIT CARD PURCHASE   XXXXX1097 BREWSTER FINE WINE AND    VINELAND    NJ","$29.70","","Groceries","$2.29"
"03/28/2025","DEBIT CARD PURCHASE   XXXXX1097 WAWA 925                  MAYS LANDIN NJ","$48.36","","Groceries","$31.99"
"03/28/2025","RECURRING DEBIT CARD  XXXXX7087 ELEVENLABS.IO             ELEVENLABS. NY","$5.00","","Services and Supplies","$80.35"
"03/28/2025","DEBIT CARD PURCHASE   XXXXX1097 WAWA 925                  MAYS LANDIN NJ","$4.25","","Groceries","$85.35"
"03/27/2025","POS PURCHASE          POS21080008  1269869 WAL-MART #2108           MAYS LANDING NJ","$10.40","","General Merchandise","$89.60"
"03/27/2025","DEBIT CARD PURCHASE   XXXXX1097 WAWA 925                  MAYS LANDIN NJ","$4.99","","Groceries","$100.00"
"03/27/2025","ONLINE TRANSFER FROM      XXXXX7178 ","","$100.00","Transfers","$104.99"
"03/26/2025","FUNDS TRANSFER FROM ACCT XXXXX7178 ","","$4.99","Transfers","$4.99"
"03/26/2025","DEBIT CARD PURCHASE   XXXXX1097 WAWA 925                  MAYS LANDIN NJ","$2.87","","Groceries","$0.00"
"03/25/2025","FUNDS TRANSFER FROM ACCT XXXXX7178 ","","$19.86","Transfers","$2.87"
"03/25/2025","RECURRING DEBIT CARD  XXXXX7084 AUTOSKY+ GPS              AUTOSKYUS.C TX","$16.99","","Utilities","-$16.99"
"03/24/2025","FUNDS TRANSFER FROM ACCT XXXXX7178 ","","$218.84","Transfers","$0.00"
"03/24/2025","DEBIT CARD PURCHASE   XXXXX1097 DISCOUNT TOWN LIQUOR      VINELAND    NJ","$42.63","","Groceries","-$218.84"
"03/24/2025","DEBIT CARD PURCHASE   XXXXX1097 SQ *KURA REVOLVING SUS    gosq.com    PA","$131.87","","Restaurants and Dining","-$176.21"
"03/24/2025","DEBIT CARD PURCHASE   XXXXX1097 FROZEN                    PHILADELPHI PA","$31.81","","Restaurants and Dining","-$44.34"
"03/24/2025","DEBIT CARD PURCHASE   XXXXX1097 WAWA 981                  SICKLERVILL NJ","$12.53","","Groceries","-$12.53"
"03/24/2025","POS PURCHASE          POS001       4370276 SHOPRITE LANDI           VINELAND     NJ","$317.25","","Groceries","$0.00"
"03/21/2025","FUNDS TRANSFER FROM ACCT XXXXX7178 ","","$317.25","Transfers","$317.25"
"03/21/2025","POS PURCHASE          POS33390013  1434806 WM SUPERCENTER           VINELAND     NJ","$38.74","","General Merchandise","$0.00"
"03/21/2025","DEBIT CARD PURCHASE   XXXXX1097 SP YAMISHOES              YAMISHOES.C GA","$8.51","","Clothing and Shoes","$38.74"
"03/21/2025","DEBIT CARD PURCHASE   XXXXX1097 POPEYES 11368             MAYS LANDIN NJ","$12.78","","Restaurants and Dining","$47.25"
"03/21/2025","DEBIT CARD PURCHASE   XXXXX1097 WAWA 380                  BUENA       NJ","$2.87","","Groceries","$60.03"
"03/20/2025","FUNDS TRANSFER FROM ACCT XXXXX7178 ","","$62.90","Transfers","$62.90"
"03/20/2025","DEBIT CARD PURCHASE   XXXXX1097 WAWA 926                  VINELAND    NJ","$16.72","","Groceries","$0.00"
"03/19/2025","FUNDS TRANSFER FROM ACCT XXXXX7178 ","","$16.72","Transfers","$16.72"
"03/19/2025","DEBIT CARD PURCHASE   XXXXX1097 BUY RITE OF VINELAND      VINELAND    NJ","$26.42","","Groceries","$0.00"
"03/19/2025","POS PURCHASE          POS001       1227267 SHOPRITE LANDI           VINELAND     NJ","$11.21","","Groceries","$26.42"
"03/19/2025","DEBIT CARD PURCHASE   XXXXX1097 WAWA 926                  VINELAND    NJ","$9.46","","Groceries","$37.63"
"03/18/2025","FUNDS TRANSFER FROM ACCT XXXXX7178 ","","$67.08","Transfers","$47.09"
"03/18/2025","POS PURCHASE          POS002       1202519 PLAYSTATIO               PLAYSTATION. CA","$53.30","","Entertainment","-$19.99"
"03/18/2025","DEBIT CARD PURCHASE   XXXXX1097 WAWA 926                  VINELAND    NJ","$13.72","","Groceries","$33.31"
"03/18/2025","RECURRING DEBIT CARD  XXXXX7077 GOOGLE Google One        XXXXX3987 CA","$19.99","","Services and Supplies","$47.03"
"03/17/2025","FUNDS TRANSFER FROM ACCT XXXXX7178 ","","$351.94","Transfers","$67.02"
"03/17/2025","RECURRING DEBIT CARD  XXXXX4076 GOOGLE Google Nest       XXXXX3987 CA","$8.00","","Electronics","-$284.92"
"03/17/2025","DEBIT CARD PURCHASE   XXXXX1097 HAMILTON STATION PARK     HAMILTON    NJ","$25.75","","Travel","-$276.92"
"03/17/2025","DEBIT CARD PURCHASE   XXXXX1097 MTA*NYCT PAYGO            NEW YORK    NY","$2.90","","Travel","-$251.17"
"03/17/2025","DEBIT CARD PURCHASE   XXXXX1097 MTA*NYCT PAYGO            NEW YORK    NY","$2.90","","Travel","-$248.27"
"03/17/2025","DEBIT CARD PURCHASE   XXXXX1097 MTA*NYCT PAYGO            NEW YORK    NY","$2.90","","Travel","-$245.37"
"03/17/2025","DEBIT CARD PURCHASE   XXXXX1097 MTA*NYCT PAYGO            NEW YORK    NY","$2.90","","Travel","-$242.47"
"03/17/2025","DEBIT CARD PURCHASE   XXXXX1097 TST* LESSING'S - ELLEN    NEW YORK    NY","$94.08","","Restaurants and Dining","-$239.57"
"03/17/2025","POS PURCHASE          POS99999999  4356092 CVS/PHARMACY #           NEW YORK     NY","$4.79","","Healthcare","-$145.49"
"03/17/2025","DEBIT CARD PURCHASE   XXXXX1097 THE KNICKERBOCKER HOTE    NEW YORK    NY","$162.69","","Travel","-$140.70"
"03/17/2025","POS PURCHASE          POS24377401  4356091 WAL-MART #3774           WILLIAMSTOWN NJ","$116.84","","General Merchandise","$21.99"
"03/17/2025","DEBIT CARD PURCHASE   XXXXX1097 WAWA 925                  MAYS LANDIN NJ","$5.46","","Groceries","$138.83"
"03/17/2025","ONLINE TRANSFER FROM      XXXXX7178 ","","$2.00","Transfers","$144.29"
"03/14/2025","FUNDS TRANSFER FROM ACCT XXXXX7178 ","","$148.29","Transfers","$142.29"
"03/14/2025","DEBIT CARD PURCHASE   XXXXX1097 AMAZON MKTPL*UP3HK8DN3    Amzn.com/bi WA","$18.12","","General Merchandise","-$6.00"
"03/14/2025","DEBIT CARD PURCHASE   XXXXX1097 WAWA 926                  VINELAND    NJ","$50.00","","Groceries","$12.12"
"03/14/2025","DEBIT CARD PURCHASE   XXXXX1097 WAWA 926                  VINELAND    NJ","$2.87","","Groceries","$62.12"
"03/14/2025","RECURRING DEBIT CARD  XXXXX7073 SUPER   SUPER           XXXXX2577 CA","$15.00","","Travel","$64.99"
"03/13/2025","POS PURCHASE          POS33390009  1276809 WM SUPERCENTER           VINELAND     NJ","$32.45","","General Merchandise","$79.99"
"03/13/2025","POS PURCHASE          POS33390067  1276808 WM SUPERCENTER           VINELAND     NJ","$101.23","","General Merchandise","$112.44"
"03/13/2025","DEBIT CARD PURCHASE   XXXXX1097 SHOPRITE WINES AND SPI    VINELAND    NJ","$21.31","","Groceries","$213.67"
"03/13/2025","DEBIT CARD PURCHASE   XXXXX1097 CHICK-FIL-A #02784        VINELAND    NJ","$21.62","","Restaurants and Dining","$234.98"
"03/13/2025","ONLINE TRANSFER FROM      XXXXX7178 ","","$60.00","Transfers","$256.60"
"03/12/2025","FUNDS TRANSFER FROM ACCT XXXXX7178 ","","$79.69","Transfers","$196.60"
"03/12/2025","POS PURCHASE          POS21080003  1219958 WM SUPERCENTER           MAYS LANDING NJ","$3.16","","General Merchandise","$116.91"
"03/12/2025","DEBIT CARD PURCHASE   XXXXX1097 POPEYES 11418             TURNERSVILL NJ","$12.78","","Restaurants and Dining","$120.07"
"03/12/2025","DEBIT CARD PURCHASE   XXXXX1097 LIQUOR HUT                TURNERSVILL NJ","$17.15","","Groceries","$132.85"
"03/12/2025","POS PURCHASE          POS23273876  1219957 ACME 3994                SEWELL       NJ","$11.47","","Groceries","$150.00"
"03/12/2025","POS PURCHASE          POS23273876  1219956 ACME 3994                SEWELL       NJ","$35.15","","Groceries","$161.47"
"03/12/2025","POS PURCHASE          POS91970590  1219954 T-MOBILE                 SICKLERVILLE NJ","$1,162.20","","Phone","$196.62"
"03/12/2025","POS PURCHASE          POS06573509  1219955 BEST BUY                 VINELAND     NJ","$17.55","","Electronics","$1,358.82"
"03/12/2025","DEBIT CARD PURCHASE   XXXXX1097 AMZN DigitalZE1AV8Z63    XXXXX3080 WA","$6.39","","Entertainment","$1,376.37"
"03/12/2025","DEBIT CARD PURCHASE   XXXXX1097 WAWA 999                  VINELAND    NJ","$5.25","","Groceries","$1,382.76"
"03/11/2025","RECURRING DEBIT CARD  XXXXX7070 KITS AI                   KITS.AI     CA","$11.99","","Restaurants and Dining","$1,388.01"
"03/11/2025","RECURRING DEBIT CARD  XXXXX7070 MicrosoftUltimate 1 M    XXXXX6830 WA","$21.31","","Entertainment","$1,400.00"
"03/11/2025","ONLINE TRANSFER FROM      XXXXX7178 ","","$1,400.00","Transfers","$1,421.31"
"03/10/2025","FUNDS TRANSFER FROM ACCT XXXXX7178 ","","$303.58","Transfers","$21.31"
"03/10/2025","INTL PURCH & ADV FEE   VIS 0308              SG ","$0.30","","Service Charges and Fees","-$282.27"
"03/10/2025","RECURRING DEBIT CARD  XXXXX7069 PlayStation Network       XXXXX6540 CA","$10.65","","Entertainment","-$281.97"
"03/10/2025","DEBIT CARD PURCHASE   XXXXX1097 Prime Video 278Y969T3    XXXXX3080 WA","$6.39","","Entertainment","-$271.32"
"03/10/2025","POS PURCHASE          POS001       4279963 SHOPRITE MILLV           MILLVILLE    NJ","$24.04","","Groceries","-$264.93"
"03/10/2025","POS PURCHASE          POS001       4279962 SHOPRITE MILLV           MILLVILLE    NJ","$6.62","","Groceries","-$240.89"
"03/10/2025","POS PURCHASE          POS001       4279961 SHOPRITE MILLV           MILLVILLE    NJ","$19.97","","Groceries","-$234.27"
"03/10/2025","DEBIT CARD PURCHASE   XXXXX1097 Google TV                 XXXXX0000 CA","$3.99","","Services and Supplies","-$214.30"
"03/10/2025","DEBIT CARD PURCHASE   XXXXX1097 PDMD PIZZA QUEEN LLC      VINELAND    NJ","$31.78","","Restaurants and Dining","-$210.31"
"03/10/2025","DEBIT CARD PURCHASE   XXXXX1097 RITA'S # 133              VINELAND    NJ","$16.92","","Restaurants and Dining","-$178.53"
"03/10/2025","DEBIT CARD PURCHASE   XXXXX1097 WAWA 999                  VINELAND    NJ","$50.00","","Groceries","-$161.61"
"03/10/2025","DEBIT CARD PURCHASE   XXXXX1097 SUPERCOM    HOTELS      XXXXX2577 CA","$285.81","","Travel","-$111.61"
"03/10/2025","DEBIT CARD PURCHASE   XXXXX1097 EB SALSA ON THE ROOFT    XXXXX7200  CA","$131.74","","Restaurants and Dining","$174.20"
"03/10/2025","RECURRING DEBIT CARD  XXXXX7068 WWW.MUREKA.AI             SINGAPORE   SG","$10.00","","Entertainment","$305.94"
"03/10/2025","DEBIT CARD PURCHASE   XXXXX1097 LINCOLN DISCOUNT LIQUO    VINELAND    NJ","$19.55","","Groceries","$315.94"
"03/10/2025","DEBIT CARD PURCHASE   XXXXX1097 WAWA 925                  MAYS LANDIN NJ","$2.87","","Groceries","$335.49"
"03/10/2025","ONLINE TRANSFER FROM      XXXXX7178 ","","$80.00","Transfers","$338.36"
"03/10/2025","ONLINE TRANSFER FROM      XXXXX7186 ","","$200.00","Transfers","$258.36"
"03/07/2025","DEBIT CARD PURCHASE   XXXXX1097 SQ A BETTER TOMORROW     XXXXX4551 NJ","$30.00","","Healthcare","$58.36"
"03/07/2025","DEBIT CARD PURCHASE   XXXXX1097 WAWA 925                  MAYS LANDIN NJ","$2.87","","Groceries","$88.36"
"03/06/2025","POS PURCHASE          POS24210801  1204234 WAL-MART #2108           MAY'S LANDIN NJ","$8.77","","General Merchandise","$91.23"
"03/06/2025","DEBIT CARD PURCHASE   XXXXX1097 WAWA 925                  MAYS LANDIN NJ","$2.87","","Groceries","$100.00"
"03/06/2025","DEBIT CARD PURCHASE   XXXXX1097 POPEYES 11368             MAYS LANDIN NJ","$7.45","","Restaurants and Dining","$102.87"
"03/06/2025","ONLINE TRANSFER FROM      XXXXX7178 ","","$100.00","Transfers","$110.32"
"03/05/2025","FUNDS TRANSFER FROM ACCT XXXXX7178 ","","$76.30","Transfers","$10.32"
"03/05/2025","DEBIT CARD PURCHASE   XXXXX1097 AMAZON PRIME*RM4HZ9PT3    Amzn.com/bi WA","$15.98","","Subscriptions and Renewals","-$65.98"
"03/05/2025","RECURRING DEBIT CARD  XXXXX7064 ART IN MOTION DANCE       WWW.DANCEAT NJ","$130.00","","Entertainment","-$50.00"
"03/05/2025","DEBIT CARD PURCHASE   XXXXX1097 WAWA 926                  VINELAND    NJ","$50.00","","Groceries","$80.00"
"03/05/2025","DEBIT CARD PURCHASE   XXXXX1097 WAWA 926                  VINELAND    NJ","$5.20","","Groceries","$130.00"
"03/04/2025","FUNDS TRANSFER FROM ACCT XXXXX7178 ","","$75.20","Transfers","$135.20"
"03/04/2025","DEBIT CARD PURCHASE   XXXXX1097 MAIN DISCOUNT LIQUORS     VINELAND    NJ","$18.12","","Groceries","$60.00"
"03/04/2025","DEBIT CARD PURCHASE   XXXXX1097 POPEYES 11368             MAYS LANDIN NJ","$12.78","","Restaurants and Dining","$78.12"
"03/04/2025","DEBIT CARD PURCHASE   XXXXX1097 WAWA 925                  MAYS LANDIN NJ","$2.87","","Groceries","$90.90"
"03/04/2025","ONLINE TRANSFER FROM      XXXXX7178 ","","$60.00","Transfers","$93.77"
"03/03/2025","FUNDS TRANSFER FROM ACCT XXXXX7178 ","","$291.52","Transfers","$33.77"
"03/03/2025","POS PURCHASE          POS33390012  4623316 WM SUPERCENTER           VINELAND     NJ","$191.81","","General Merchandise","-$257.75"
"03/03/2025","DEBIT CARD PURCHASE   XXXXX1097 PP*ART IN MOTION DANCE    TURNERSVILL NJ","$40.00","","Entertainment","-$65.94"
"03/03/2025","DEBIT CARD PURCHASE   XXXXX1097 APPLEBEES 2060016         TURNERSVILL NJ","$40.94","","Restaurants and Dining","-$25.94"
"03/03/2025","RECURRING DEBIT CARD  XXXXX4062 AIRBORNE ACADEMY          XXXXX1700 NJ","$85.00","","Entertainment","$15.00"
"03/03/2025","DEBIT CARD PURCHASE   XXXXX1097 POPEYES 11368             MAYS LANDIN NJ","$7.45","","Restaurants and Dining","$100.00"
"03/03/2025","DEBIT CARD PURCHASE   XXXXX1097 WAWA 926                  VINELAND    NJ","$7.97","","Groceries","$107.45"
"03/03/2025","ONLINE TRANSFER FROM      XXXXX7178 ","","$100.00","Transfers","$115.42"
"02/28/2025","FUNDS TRANSFER FROM ACCT XXXXX7178 ","","$36.29","Transfers","$15.42"
"02/28/2025","POS PURCHASE          POS21080004  1570302 WAL-MART #2108           MAYS LANDING NJ","$1.90","","General Merchandise","-$20.87"
"02/28/2025","DEBIT CARD PURCHASE   XXXXX1097 CTLP*FRESH HEALTHY MAR    LANDENBERG  PA","$1.10","","Healthcare","-$18.97"
"02/28/2025","DEBIT CARD PURCHASE   XXXXX1097 WAWA 925                  MAYS LANDIN NJ","$40.00","","Groceries","-$17.87"
"02/28/2025","DEBIT CARD PURCHASE   XXXXX1097 POPEYES 11368             MAYS LANDIN NJ","$7.45","","Restaurants and Dining","$22.13"
"02/28/2025","RECURRING DEBIT CARD  XXXXX7059 ELEVENLABS.IO             ELEVENLABS. NY","$5.00","","Services and Supplies","$29.58"
"02/28/2025","DEBIT CARD PURCHASE   XXXXX1097 WAWA 926                  VINELAND    NJ","$13.50","","Groceries","$34.58"
"02/28/2025","DEBIT CARD PURCHASE   XXXXX1097 CUMBERLAND FAMILY MEDI    MILLVILLE   NJ","$10.00","","Healthcare","$48.08"
"02/27/2025","DEBIT CARD PURCHASE   XXXXX1097 RITE AID 10490            VINELAND    NJ","$8.28","","Healthcare","$58.08"
"02/27/2025","DEBIT CARD PURCHASE   XXXXX1097 RITE AID 10490            VINELAND    NJ","$5.00","","Healthcare","$66.36"
"02/27/2025","DEBIT CARD PURCHASE   XXXXX1097 LORENZO'S BARBER SHOP     VINELAND    NJ","$49.44","","Personal Expenses","$71.36"
"02/27/2025","DEBIT CARD PURCHASE   XXXXX1097 WAWA 926                  VINELAND    NJ","$7.97","","Groceries","$120.80"
"02/27/2025","DEBIT CARD PURCHASE   XXXXX1097 LONGHORN STEAK 0125484    MAYS LANDIN NJ","$26.92","","Restaurants and Dining","$128.77"
"02/27/2025","ONLINE TRANSFER FROM      XXXXX7178 ","","$75.00","Transfers","$155.69"
"02/26/2025","FUNDS TRANSFER FROM ACCT XXXXX7178 ","","$95.69","Transfers","$80.69"
"02/26/2025","POS PURCHASE          POS002       1263984 PLAYSTATIO               PLAYSTATION. CA","$21.31","","Entertainment","-$15.00"
"02/26/2025","DEBIT CARD PURCHASE   XXXXX1097 DISCOUNT TOWN LIQUOR      VINELAND    NJ","$19.18","","Groceries","$6.31"
"02/26/2025","DEBIT CARD PURCHASE   XXXXX1097 WAWA 926                  VINELAND    NJ","$6.48","","Groceries","$25.49"
